<record><leader>00000cas a22000007a 4500</leader><controlfield tag="001">8807980</controlfield><controlfield tag="008">820925d19031905ksudr ne      0   a0eng  </controlfield><controlfield tag="009">466</controlfield><datafield ind1=" " ind2=" " tag="010"><subfield code="a">sn 82015318 </subfield></datafield><datafield ind1=" " ind2=" " tag="040"><subfield code="a">DLC</subfield><subfield code="b">eng</subfield><subfield code="c">DLC</subfield><subfield code="d">NPT</subfield><subfield code="d">DLC</subfield></datafield><datafield ind1="1" ind2=" " tag="029"><subfield code="a">AU@</subfield><subfield code="b">000025829354</subfield></datafield><datafield ind1=" " ind2=" " tag="042"><subfield code="a">msc</subfield></datafield><datafield ind1="0" ind2="0" tag="050"><subfield code="a">Newspaper 7803-X</subfield></datafield><datafield ind1="0" ind2=" " tag="130"><subfield code="a">Emporia republican (Emporia, Kan. : Daily)</subfield></datafield><datafield ind1="0" ind2="4" tag="245"><subfield code="a">The Emporia republican.</subfield></datafield><datafield ind1="0" ind2="3" tag="246"><subfield code="a">Daily republican</subfield></datafield><datafield ind1=" " ind2=" " tag="260"><subfield code="a">Emporia, Kan. :</subfield><subfield code="b">W.L. Stahl,</subfield><subfield code="c">1903-</subfield></datafield><datafield ind1=" " ind2=" " tag="300"><subfield code="a">v. :</subfield><subfield code="b">ill. ;</subfield><subfield code="c">60-65 cm.</subfield></datafield><datafield ind1=" " ind2=" " tag="310"><subfield code="a">Daily (except Sun.)</subfield></datafield><datafield ind1="0" ind2=" " tag="362"><subfield code="a">Vol. 22, no. 140 (May 20, 1903)-</subfield></datafield><datafield ind1="1" ind2=" " tag="362"><subfield code="a">Ceased in 1905.</subfield></datafield><datafield ind1=" " ind2=" " tag="500"><subfield code="a">"Republican."</subfield></datafield><datafield ind1=" " ind2=" " tag="580"><subfield code="a">Also published in a weekly edition called: Emporia republican (Emporia, Kan. : Weekly).</subfield></datafield><datafield ind1=" " ind2=" " tag="752"><subfield code="a">United States</subfield><subfield code="b">Kansas</subfield><subfield code="c">Lyon</subfield><subfield code="d">Emporia.</subfield></datafield><datafield ind1="1" ind2=" " tag="775"><subfield code="t">Emporia republican (Emporia, Kan. : Weekly)</subfield><subfield code="w">(DLC)sn 85030215</subfield></datafield><datafield ind1="0" ind2="0" tag="780"><subfield code="t">Emporia daily republican</subfield><subfield code="w">(DLC)sn 85030209</subfield></datafield></record>